<record><leader>00000cas a2200000 a 4500</leader><controlfield tag="001">32812534</controlfield><controlfield tag="007">hd bfu---baat</controlfield><controlfield tag="007">hd afu---bact</controlfield><controlfield tag="008">950713d188u1897nbuwr nea     0    0eng c</controlfield><datafield ind1=" " ind2=" " tag="010"><subfield code="a">sn 95070131 </subfield></datafield><datafield ind1=" " ind2=" " tag="040"><subfield code="a">NVG</subfield><subfield code="b">eng</subfield><subfield code="c">NVG</subfield><subfield code="d">OCLCQ</subfield><subfield code="d">OCLCF</subfield><subfield code="d">OCLCO</subfield></datafield><datafield ind1="1" ind2=" " tag="029"><subfield code="a">AU@</subfield><subfield code="b">000011869000</subfield></datafield><datafield ind1=" " ind2=" " tag="042"><subfield code="a">pcc</subfield></datafield><datafield ind1=" " ind2=" " tag="043"><subfield code="a">n-us-nb</subfield></datafield><datafield ind1="0" ind2="4" tag="245"><subfield code="a">The Holdrege citizen</subfield><subfield code="h">[microform].</subfield></datafield><datafield ind1=" " ind2=" " tag="260"><subfield code="a">Holdrege, Phelps County, Neb. :</subfield><subfield code="b">Holdrege Citizen Pub. Co.,</subfield><subfield code="c">-1897.</subfield></datafield><datafield ind1=" " ind2=" " tag="300"><subfield code="a">v.</subfield></datafield><datafield ind1=" " ind2=" " tag="310"><subfield code="a">Weekly</subfield></datafield><datafield ind1="0" ind2=" " tag="362"><subfield code="a">-v.13, no. 27 (Feb. 26, 1897).</subfield></datafield><datafield ind1=" " ind2=" " tag="580"><subfield code="a">Absorbed: Holdrege Republican; Nebraska nugget.</subfield></datafield><datafield ind1=" " ind2=" " tag="580"><subfield code="a">Merged with: Political forum, to form: Holdrege citizen=forum.</subfield></datafield><datafield ind1=" " ind2=" " tag="588"><subfield code="a">Description based on: Vol. 4, no. 13 (Dec. 2, 1887).</subfield></datafield><datafield ind1=" " ind2=" " tag="533"><subfield code="a">Microfilm.</subfield><subfield code="m">1887,1889,1891,1895-1897:[Gaps] :[Gaps]</subfield><subfield code="b">Lincoln, Neb. :</subfield><subfield code="c">Nebraska State Historical Society,</subfield><subfield code="d">-1970.</subfield><subfield code="e">5 microfilm reels ; 35 mm.</subfield></datafield><datafield ind1=" " ind2="0" tag="651"><subfield code="a">Holdrege (Neb.)</subfield><subfield code="v">Newspapers.</subfield></datafield><datafield ind1=" " ind2="0" tag="651"><subfield code="a">Phelps County (Neb.)</subfield><subfield code="v">Newspapers.</subfield></datafield><datafield ind1=" " ind2="7" tag="655"><subfield code="a">Newspapers.</subfield><subfield code="2">fast</subfield><subfield code="0">(OCoLC)fst01423814</subfield></datafield><datafield ind1=" " ind2="7" tag="651"><subfield code="a">Nebraska</subfield><subfield code="z">Holdrege.</subfield><subfield code="2">fast</subfield><subfield code="0">(OCoLC)fst01221279</subfield></datafield><datafield ind1=" " ind2="7" tag="651"><subfield code="a">Nebraska</subfield><subfield code="z">Phelps County.</subfield><subfield code="2">fast</subfield><subfield code="0">(OCoLC)fst01212382</subfield></datafield><datafield ind1=" " ind2=" " tag="752"><subfield code="a">United States</subfield><subfield code="b">Nebraska</subfield><subfield code="c">Phelps</subfield><subfield code="d">Holdrege.</subfield></datafield><datafield ind1="1" ind2="5" tag="780"><subfield code="t">Holdrege Republican</subfield><subfield code="w">(DLC)sn 95070125</subfield></datafield><datafield ind1="1" ind2="5" tag="780"><subfield code="t">Nebraska nugget</subfield><subfield code="w">(DLC)sn 95070126</subfield></datafield><datafield ind1="1" ind2="7" tag="785"><subfield code="t">Political forum</subfield><subfield code="w">(DLC)sn 95070119</subfield></datafield><datafield ind1="1" ind2="7" tag="785"><subfield code="t">Holdrege citizen=forum</subfield><subfield code="w">(DLC)sn 95070130</subfield></datafield></record>